
@article{buchner:84,
   author = {Buchner, Erich and Buchner, Sigrid and BÃ¼lthoff, Isabelle},
   title = {Deoxyglucose mapping of nervous activity induced in \textit{{D}rosophila} brain by visual movement},
   journal = {Journal of Comparative Physiology A},
   volume = {155},
   number = {4},
   pages = {471-483},
   ISSN = {0340-7594},
   year = {1984},
   type = {Journal Article}
}

@article{card:08,
   author = {Card, Gwyneth and Dickinson, Michael H},
   title = {Visually mediated motor planning in the escape response of \textit{{D}rosophila}},
   journal = {Current Biology},
   volume = {18},
   number = {17},
   pages = {1300-1307},
   ISSN = {0960-9822},
   year = {2008},
   type = {Journal Article}
}

@article{clark:16,
   author = {Clark, Damon A and Demb, Jonathan B},
   title = {Parallel computations in insect and mammalian visual motion processing},
   journal = {Current Biology},
   volume = {26},
   number = {20},
   pages = {R1062-R1072},
   ISSN = {0960-9822},
   year = {2016},
   type = {Journal Article}
}

@article{devries:12,
   author = {de Vries, Saskia EJ and Clandinin, Thomas R},
   title = {Loom-sensitive neurons link computation to action in the \textit{{D}rosophila} visual system},
   journal = {Current Biology},
   volume = {22},
   number = {5},
   pages = {353-362},
   ISSN = {0960-9822},
   year = {2012},
   type = {Journal Article}
}

@article{gabbiani:02,
   author = {Gabbiani, Fabrizio and Krapp, Holger G and Koch, Christof and Laurent, Gilles},
   title = {Multiplicative computation in a visual neuron sensitive to looming},
   journal = {Nature},
   volume = {420},
   number = {6913},
   pages = {320},
   ISSN = {1476-4687},
   year = {2002},
   type = {Journal Article}
}

@article{joesch:08,
   author = {Joesch, M and Plett, J and Borst, A and Reiff, DF},
   title = {Response properties of motion-sensitive visual interneurons in the lobula plate of \textit{{D}rosophila} melanogaster},
   journal = {Current Biology},
   volume = {18},
   number = {5},
   pages = {368-374},
   ISSN = {0960-9822},
   year = {2008},
   type = {Journal Article}
}

@article{keles:17,
   author = {Kele\c{s}, Mehmet F and Frye, Mark A},
   title = {Object-detecting neurons in \textit{{D}rosophila}},
   journal = {Current Biology},
   volume = {27},
   number = {5},
   pages = {680-687},
   ISSN = {0960-9822},
   year = {2017},
   type = {Journal Article}
}

@article{klapoetke:17,
   author = {Klapoetke, Nathan C and Nern, Aljoscha and Peek, Martin Y and Rogers, Edward M and Breads, Patrick and Rubin, Gerald M and Reiser, Michael B and Card, Gwyneth M},
   title = {Ultra-selective looming detection from radial motion opponency},
   journal = {Nature},
   volume = {551},
   number = {7679},
   pages = {237},
   ISSN = {1476-4687},
   year = {2017},
   type = {Journal Article}
}

@book{knill:96,
   author = {Knill, David C and Richards, Whitman},
   title = {Perception as Bayesian inference},
   publisher = {Cambridge University Press},
   ISBN = {1316582523},
   year = {1996},
   type = {Book}
}

@article{luo:08,
   author = {Luo, L. and Callaway, E.M. and Svoboda, K.},
   title = {Genetic dissection of neural circuits},
   journal = {Neuron},
   volume = {57},
   number = {5},
   pages = {634-660},
   ISSN = {0896-6273},
   year = {2008},
   type = {Journal Article}
}

@article{maisak:13,
   author = {Maisak, Matthew S and Haag, Juergen and Ammer, Georg and Serbe, Etienne and Meier, Matthias and Leonhardt, Aljoscha and Schilling, Tabea and Bahl, Armin and Rubin, Gerald M and Nern, Aljoscha and Dickson, Barry J. and Rieff, Dirk F. and Hopp, Elizabeth and Borst, Alexander},
   title = {A directional tuning map of \textit{{D}rosophila} elementary motion detectors},
   journal = {Nature},
   volume = {500},
   number = {7461},
   pages = {212-216},
   ISSN = {0028-0836},
   year = {2013},
   type = {Journal Article}
}

@article{mano:17,
   author = {Mano, Omer and Clark, Damon A},
   title = {Graphics processing unit-accelerated code for computing second-order wiener kernels and spike-triggered covariance},
   journal = {PloS one},
   volume = {12},
   number = {1},
   pages = {e0169842},
   ISSN = {1932-6203},
   year = {2017},
   type = {Journal Article}
}

@article{salazar:16,
   author = {Salazar-Gatzimas, Emilio and Chen, Juyue and Creamer, Matthew S and Mano, Omer and Mandel, Holly B and Matulis, Catherine A and Pottackal, Joseph and Clark, Damon A},
   title = {Direct measurement of correlation responses in \textit{{D}rosophila} elementary motion detectors reveals fast timescale tuning},
   journal = {Neuron},
   volume = {92},
   number = {1},
   pages = {227-239},
   ISSN = {0896-6273},
   year = {2016},
   type = {Journal Article}
}

@article{samonds:12,
   author = {Samonds, Jason M and Potetz, Brian R and Lee, Tai Sing},
   title = {Relative luminance and binocular disparity preferences are correlated in macaque primary visual cortex, matching natural scene statistics},
   journal = {Proceedings of the National Academy of Sciences},
   volume = {109},
   number = {16},
   pages = {6313-6318},
   ISSN = {0027-8424},
   year = {2012},
   type = {Journal Article}
}

@article{silies:14,
   author = {Silies, Marion and Gohl, Daryl M and Clandinin, Thomas R},
   title = {Motion-detecting circuits in flies: Coming into view},
   journal = {Annual review of neuroscience},
   volume = {37},
   pages = {307-327},
   ISSN = {0147-006X},
   year = {2014},
   type = {Journal Article}
}

@article{simoncelli:01,
   author = {Simoncelli, E.P. and Olshausen, B.A.},
   title = {Natural image statistics and neural representation},
   journal = {Annual Review of Neuroscience},
   volume = {24},
   number = {1},
   pages = {1193-1216},
   ISSN = {0147-006X},
   year = {2001},
   type = {Journal Article}
}

@article{spieth:74,
   author = {Spieth, Herman T},
   title = {Courtship behavior in \textit{{D}rosophila}},
   journal = {Annual Review of Entomology},
   volume = {19},
   number = {1},
   pages = {385-405},
   ISSN = {0066-4170},
   year = {1974},
   type = {Journal Article}
}

@article{vonreyn:17,
   author = {von Reyn, Catherine R and Nern, Aljoscha and Williamson, W Ryan and Breads, Patrick and Wu, Ming and Namiki, Shigehiro and Card, Gwyneth M},
   title = {Feature integration drives probabilistic behavior in the \textit{{D}rosophila} escape response},
   journal = {Neuron},
   volume = {94},
   number = {6},
   pages = {1190-1204. e6},
   ISSN = {0896-6273},
   year = {2017},
   type = {Journal Article}
}

