
@article{Shannon:48,
  author = {Shannon, C. E.},
  journal = {Bell Systems Technical Journal},
  pages = {623--656},
  title = {A Mathematical Theory of Communication},
  volume = 27,
  year = 1948
}

@book{pollard84,
  author = {David Pollard},
  title = {Convergence of Stochastic Processes},
  publisher = {Springer-Verlag},
  year = {1984},
}

@article{sepp97,
  author = {Sepp Hochreiter and J\"urgen Schmidhuber},
  year = {1997},
  title = {Long short-term memory},
  journal = {Neural Computation},
  volume = {9},
  number = {8},
  pages = {1735--1780},
}

@article{gers00,
  author = {Felix A. Gers and J\"urgen Schmidhuber and Fred Cummins},
  year = {2000},
  title = {Learning to Forget: {C}ontinual Prediction with LSTM},
  journal = {Neural Computation},
  volume = {12},
  number = {10},
  pages = {2451--2471},
}

@article{ChenXZG16,
  author    = {Tianqi Chen and
               Bing Xu and
               Chiyuan Zhang and
               Carlos Guestrin},
  title     = {Training Deep Nets with Sublinear Memory Cost},
  journal   = {arXiv},
  volume    = {\it abs/1604.06174},
  year      = {2016},
}

@inproceedings{lucic15tradeoffs,
  booktitle = {In Proc. International Conference on Artificial Intelligence and Statistics (AISTATS)},
  author = {Mario Lucic and Mesrob I. Ohannessian and Amin Karbasi and Andreas Krause},
  title = {Tradeoffs for Space, Time, Data and Risk in Unsupervised Learning},
  month = {May},
  year = {2015},
}

